<record><leader>00000cas a2200000 a 4500</leader><controlfield tag="001">20821653</controlfield><controlfield tag="008">891227d19721973nyubr ne      0   a0eng c</controlfield><datafield ind1=" " ind2=" " tag="010"><subfield code="a">sn2002061415</subfield></datafield><datafield ind1=" " ind2=" " tag="040"><subfield code="a">WIH</subfield><subfield code="b">eng</subfield><subfield code="c">WIH</subfield><subfield code="d">NYS</subfield><subfield code="d">OCLCQ</subfield><subfield code="d">OCLCO</subfield></datafield><datafield ind1="1" ind2=" " tag="029"><subfield code="a">AU@</subfield><subfield code="b">000023602982</subfield></datafield><datafield ind1=" " ind2=" " tag="042"><subfield code="a">pcc</subfield></datafield><datafield ind1=" " ind2=" " tag="043"><subfield code="a">n-us-ny</subfield></datafield><datafield ind1="0" ind2=" " tag="130"><subfield code="a">Family voice (Elmhurst, N.Y.)</subfield></datafield><datafield ind1="1" ind2="0" tag="245"><subfield code="a">Family voice.</subfield></datafield><datafield ind1="1" ind2="3" tag="246"><subfield code="a">Family voice news service</subfield><subfield code="f">Nov. 15, 1972-</subfield></datafield><datafield ind1=" " ind2=" " tag="260"><subfield code="a">Elmhurst, N.Y. :</subfield><subfield code="b">Snort Publications,</subfield><subfield code="c">1972-1973.</subfield></datafield><datafield ind1=" " ind2=" " tag="300"><subfield code="a">1 v. :</subfield><subfield code="b">ill. ;</subfield><subfield code="c">28-43 cm.</subfield></datafield><datafield ind1=" " ind2=" " tag="310"><subfield code="a">Bimonthly</subfield></datafield><datafield ind1="0" ind2=" " tag="362"><subfield code="a">No. 1 (Apr./May 1972)-no. 6 (Dec. 1, 1972/Jan. 1, 1973).</subfield></datafield><datafield ind1=" " ind2=" " tag="500"><subfield code="a">Includes one issue of The leaflet (vol. 1, no. 3, March-April 1972)--published in Washington, D.C. by the National Organization for the Reform of Marijuana Laws.</subfield></datafield><datafield ind1=" " ind2=" " tag="500"><subfield code="a">Title from cover.</subfield></datafield><datafield ind1=" " ind2=" " tag="500"><subfield code="a">Imprint varies, Nov. 15, 1972- : New York, NY : EPAWC and Family Voice.</subfield></datafield><datafield ind1=" " ind2=" " tag="515"><subfield code="a">Final issue, Dispatch issue no. 6 called also Special issue, is under title: The Family voice news service.</subfield></datafield><datafield ind1=" " ind2=" " tag="530"><subfield code="a">Also issued on microfilm from UMI (Underground Press Collection).</subfield></datafield><datafield ind1=" " ind2="0" tag="650"><subfield code="a">Underground press publications</subfield><subfield code="z">New York (State)</subfield><subfield code="z">Elmhurst</subfield><subfield code="v">Sources.</subfield></datafield><datafield ind1=" " ind2="0" tag="651"><subfield code="a">Elmhurst (New York, N.Y.)</subfield><subfield code="v">Newspapers.</subfield></datafield><datafield ind1=" " ind2="0" tag="651"><subfield code="a">Queens County (N.Y.)</subfield><subfield code="v">Newspapers.</subfield></datafield><datafield ind1="2" ind2=" " tag="710"><subfield code="a">Environmental Peace Action Workshop Coalition.</subfield></datafield><datafield ind1="0" ind2=" " tag="740"><subfield code="a">Leaflet.</subfield></datafield><datafield ind1=" " ind2=" " tag="752"><subfield code="a">United States</subfield><subfield code="b">New York</subfield><subfield code="c">Queens</subfield><subfield code="d">Elmhurst.</subfield></datafield><datafield ind1="1" ind2=" " tag="776"><subfield code="c">Microfilm</subfield><subfield code="t">Family voice</subfield><subfield code="w">(OCoLC)4043889</subfield></datafield></record>